NOCITE

@inproceedings{yang2007evaluating,
  title={Evaluating bag-of-visual-words representations in scene classification},
  author={Yang, Jun and Jiang, Yu-Gang and Hauptmann, Alexander G and Ngo, Chong-Wah},
  booktitle={Proceedings of the international workshop on Workshop on multimedia information retrieval},
  pages={197--206},
  year={2007},
  organization={ACM}
}

@article{laptev2005space,
  title={On space-time interest points},
  author={Laptev, Ivan},
  journal={International Journal of Computer Vision},
  volume={64},
  number={2-3},
  pages={107--123},
  year={2005},
  publisher={Springer}
}

DETECTORS

@inproceedings{harris1988combined,
  title={A combined corner and edge detector.},
  author={Harris, Chris and Stephens, Mike},
  booktitle={Alvey vision conference},
  volume={15},
  pages={50},
  year={1988},
  organization={Citeseer}
}


DESCRIPTORS

@article{lowe2004distinctive,
  title={Distinctive image features from scale-invariant keypoints},
  author={Lowe, David G},
  journal={International journal of computer vision},
  volume={60},
  number={2},
  pages={91--110},
  year={2004},
  publisher={Springer}
}

@incollection{mair2010adaptive,
  title={Adaptive and generic corner detection based on the accelerated segment test},
  author={Mair, Elmar and Hager, Gregory D and Burschka, Darius and Suppa, Michael and Hirzinger, Gerhard},
  booktitle={Computer Vision--ECCV 2010},
  pages={183--196},
  year={2010},
  publisher={Springer}
}

@incollection{bay2006surf,
  title={Surf: Speeded up robust features},
  author={Bay, Herbert and Tuytelaars, Tinne and Van Gool, Luc},
  booktitle={Computer vision--ECCV 2006},
  pages={404--417},
  year={2006},
  publisher={Springer}
}

@inproceedings{leutenegger2011brisk,
  title={BRISK: Binary robust invariant scalable keypoints},
  author={Leutenegger, Stefan and Chli, Margarita and Siegwart, Roland Yves},
  booktitle={Computer Vision (ICCV), 2011 IEEE International Conference on},
  pages={2548--2555},
  year={2011},
  organization={IEEE}
}

@inproceedings{alahi2012freak,
  title={Freak: Fast retina keypoint},
  author={Alahi, Alexandre and Ortiz, Raphael and Vandergheynst, Pierre},
  booktitle={Computer Vision and Pattern Recognition (CVPR), 2012 IEEE Conference on},
  pages={510--517},
  year={2012},
  organization={IEEE}
}

@article{chen2009mosift,
  title={MoSIFT: Recognizing Human Actions in Surveillance Videos. Research Showcase},
  author={Chen, MY and Hauptmann, A},
  journal={Computer Science Department, School of Computer Science, Carnegie Mellon University},
  year={2009}
}

@inproceedings{whiten2013mofreak,
  title={Efficient action recognition with MoFREAK},
  author={Whiten, Chris and Laganiere, Robert and Bilodeau, G-A},
  booktitle={Computer and Robot Vision (CRV), 2013 IEEE International Conference on},
  pages={319--325},
  year={2013},
  organization={IEEE}
}


DATASETS

@inproceedings{schuldt2004recognizing,
  title={Recognizing human actions: a local SVM approach},
  author={Sch{\"u}ldt, Christian and Laptev, Ivan and Caputo, Barbara},
  booktitle={Pattern Recognition, 2004. ICPR 2004. Proceedings of the 17th International Conference on},
  volume={3},
  pages={32--36},
  year={2004},
  organization={IEEE}
}

@inproceedings{kuehne2011hmdb,
  title={HMDB: a large video database for human motion recognition},
  author={Kuehne, Hildegard and Jhuang, Hueihan and Garrote, Est{\'\i}baliz and Poggio, Tomaso and Serre, Thomas},
  booktitle={Computer Vision (ICCV), 2011 IEEE International Conference on},
  pages={2556--2563},
  year={2011},
  organization={IEEE}
}


TRABAJOS CON VIDEOS REALES

@inproceedings{chen2011violence,
  title={Violence detection in movies},
  author={Chen, Liang-Hua and Hsu, Hsi-Wen and Wang, Li-Yun and Su, Chih-Wen},
  booktitle={Computer Graphics, Imaging and Visualization (CGIV), 2011 Eighth International Conference on},
  pages={119--124},
  year={2011},
  organization={IEEE}
}

@inproceedings{nievas2011violence,
  title={Violence detection in video using computer vision techniques},
  author={Nievas, Enrique Bermejo and Suarez, Oscar Deniz and Garc{\'\i}a, Gloria Bueno and Sukthankar, Rahul},
  booktitle={Computer Analysis of Images and Patterns},
  pages={332--339},
  year={2011},
  organization={Springer}
}

@inproceedings{deniz2014fast,
  title={Fast Violence Detection in Video},
  author={Deniz, O. and Serrano, I. and Bueno, G. and Kim, TK.},
  booktitle={The 9th International Conference on Computer Vision Theory and Applications (VISAPP), Lisbon, Portugal},
  year={2014}
}

----


@incollection{kliper2012motion,
  title={Motion interchange patterns for action recognition in unconstrained videos},
  author={Kliper-Gross, Orit and Gurovich, Yaron and Hassner, Tal and Wolf, Lior},
  booktitle={Computer Vision, ECCV 2012},
  pages={256--269},
  year={2012},
  publisher={Springer}
}
